<?xml version="1.0" encoding="UTF-8"?><collection xmlns="http://www.loc.gov/MARC21/slim"><record><leader>00489nam--2200145-i-4500</leader><controlfield tag="001">000009047</controlfield><controlfield tag="002">20161230</controlfield><controlfield tag="005">20161230201028</controlfield><controlfield tag="008">060222s1000------------r-----000-0-eng-d</controlfield><datafield ind1=" " ind2=" " tag="080"><subfield code="a">621.38.004.6</subfield></datafield><datafield ind1=" " ind2=" " tag="100"><subfield code="a">Boicu, I</subfield></datafield><datafield ind1=" " ind2=" " tag="245"><subfield code="a">Unele aspecte teoretice ale analizei fiabilit atii functionale</subfield></datafield><datafield ind1=" " ind2=" " tag="260"><subfield code="a">Bucuresti, Consiliul National Al Inginerilor Si Tehnicienilor, 1969. 11 P</subfield></datafield><datafield ind1=" " ind2=" " tag="490"><subfield code="a">A Doua Conferinta A Electricienilor. Sectia Fi Abilitate, Securitate, Calitate</subfield></datafield><datafield ind1=" " ind2=" " tag="852"><subfield code="a">31709</subfield></datafield></record></collection>